
@book{Raj,
  title = {The Art of Computer Systems Performance Analysis},
  author = {Raj Jain},
  publisher = {John Wiley and Sons, Inc.},
  year = {1991}
}