@book{milestone1,
  title={Advanced Systems Lab - Milestone I},
  author={Lukas Elmer, Matthias Ganz},
  year={2013},
  publisher={ETH ZÃ¼rich}
}

@book{Raj,
  title = {The Art of Computer Systems Performance Analysis},
  author = {Raj Jain},
  publisher = {John Wiley and Sons, Inc.},
  year = {1991}
}
